%% This BibTeX bibliography file was created using BibDesk.
%% https://bibdesk.sourceforge.io/

%% Created for Joseph Martinsen at 2019-04-05 08:02:16 -0500 


%% Saved with string encoding Unicode (UTF-8) 



@webpage{tophat,
	Date-Added = {2019-04-05 08:00:36 -0500},
	Date-Modified = {2019-04-05 08:01:45 -0500},
	Howpublished = {Web},
	Lastchecked = {04-03-2019},
	Organization = {TopHat},
	Title = {Reordering Chapters in your Top Hat Textbook},
	Month = {April},
	Url = {https://success.tophat.com/s/article/Professor-Reordering-Chapters-in-your-Top-Hat-Textbook},
	Year = {2017}}

@article{bile,
	Author = {Philip Bille},
	Date-Added = {2019-03-04 09:41:48 -0600},
	Date-Modified = {2019-03-04 09:43:49 -0600},
	Journal = {Theoretical Computer Science},
	Number = {1-3},
	Pages = {217-239},
	Read = {1},
	Title = {A survey on tree edit distance and related problems},
	Volume = {337},
	Year = {2005},
	Bdsk-File-1 = {YnBsaXN0MDDSAQIDBFxyZWxhdGl2ZVBhdGhZYWxpYXNEYXRhXxAtLi4vLi4vLi4vLi4vLi4vRG9jdW1lbnRzL2VkaXRzdXJ2ZXlfYmlsbGUucGRmTxEBcgAAAAABcgACAAAMTWFjaW50b3NoIEhEAAAAAAAAAAAAAAAAAAAAAAAAAEJEAAH/////FGVkaXRzdXJ2ZXlfYmlsbGUucGRmAAAAAAAAAAAAAAAAAAAAAAAAAAAAAAAAAAAAAAAAAAAAAAAAAAAAAAAAAP////8AAAAAAAAAAAAAAAAABQACAAAKIGN1AAAAAAAAAAAAAAAAAAlEb2N1bWVudHMAAAIANi86VXNlcnM6am9zZXBobWFydGluc2VuOkRvY3VtZW50czplZGl0c3VydmV5X2JpbGxlLnBkZgAOACoAFABlAGQAaQB0AHMAdQByAHYAZQB5AF8AYgBpAGwAbABlAC4AcABkAGYADwAaAAwATQBhAGMAaQBuAHQAbwBzAGgAIABIAEQAEgA0VXNlcnMvam9zZXBobWFydGluc2VuL0RvY3VtZW50cy9lZGl0c3VydmV5X2JpbGxlLnBkZgATAAEvAAAVAAIAFv//AAAACAANABoAJABUAAAAAAAAAgEAAAAAAAAABQAAAAAAAAAAAAAAAAAAAco=}}

@article{tsur,
	Author = {Dekel Tsur},
	Date-Added = {2019-03-04 09:47:12 -0600},
	Date-Modified = {2019-03-04 09:48:08 -0600},
	Journal = {Information Processing Letters},
	Number = {4},
	Pages = {251-254},
	Title = {Faster algorithms for guided tree edit distance},
	Volume = {108},
	Year = {2008}}

@electronic{reactReconcile,
	Author = {Brian Vaughn},
	Date-Added = {2019-03-04 09:54:39 -0600},
	Date-Modified = {2019-03-04 09:59:25 -0600},
	Howpublished = {Web},
	Lastchecked = {04-Mar-2019},
	Organization = {Facebook Inc.},
	Title = {Reconciliation},
	Url = {https://reactjs.org/docs/reconciliation.html},
	Year = {2019},
	Bdsk-Url-1 = {https://reactjs.org/docs/reconciliation.html}}
